<record><leader>00000cas a22000007a 4500</leader><controlfield tag="001">15727364</controlfield><controlfield tag="008">870522d193919uualuuu ne      0    0eng d</controlfield><controlfield tag="009">2720</controlfield><datafield ind1=" " ind2=" " tag="010"><subfield code="a">sn 87050172 </subfield></datafield><datafield ind1=" " ind2=" " tag="040"><subfield code="a">AAR</subfield><subfield code="b">eng</subfield><subfield code="c">AAR</subfield><subfield code="d">CPN</subfield></datafield><datafield ind1="1" ind2=" " tag="029"><subfield code="a">AU@</subfield><subfield code="b">000025821796</subfield></datafield><datafield ind1=" " ind2=" " tag="042"><subfield code="a">msc</subfield></datafield><datafield ind1="0" ind2="4" tag="245"><subfield code="a">The Southern guardian of peace and democracy.</subfield></datafield><datafield ind1=" " ind2=" " tag="260"><subfield code="a">Birmingham, Ala. :</subfield><subfield code="b">Southern District Communist Party,</subfield><subfield code="c">1939-</subfield></datafield><datafield ind1=" " ind2=" " tag="300"><subfield code="a">v.</subfield></datafield><datafield ind1="0" ind2=" " tag="362"><subfield code="a">Vol. 1, no. 1 (Sept. 15, 1939)-</subfield></datafield><datafield ind1=" " ind2=" " tag="500"><subfield code="a">Editor: Bob Hall.</subfield></datafield><datafield ind1=" " ind2=" " tag="752"><subfield code="a">United States</subfield><subfield code="b">Alabama</subfield><subfield code="c">Jefferson</subfield><subfield code="d">Birmingham.</subfield></datafield></record>